@article{HamannS18,
  author    = {Michael Hamann and Ben Strasser},
  title     = {Graph Bisection with Pareto Optimization},
  journal   = {{ACM} Journal of Experimental Algorithmics},
  volume    = {23},
  year      = {2018},
  doi       = {10.1145/3173045}
}

@incollection{sparsityTreedepth,
  author={Ne{\v{s}}et{\v{r}}il, Jaroslav and de Mendez, Patrice Ossona},
  title={Bounded Height Trees and Tree-Depth},
  booktitle={Sparsity},
  pages={115--144},
  year={2012},
  publisher={Springer},
  doi={10.1007/978-3-642-27875-4_6}
}

@article{Arnborg85,
	author = {Arnborg, Stefan},
	title = {Efficient algorithms for combinatorial problems on graphs with bounded decomposability -- a survey},
	year = {1985},
	publisher = {BIT Computer Science and Numerical Mathematics},
	volume = {25},
	number = {1},
	issn = {0006-3835},
	journal = {BIT Numerical Mathematics},
	pages = {2â€“23},
	numpages = {22},
	doi={10.1007/BF01934985}
}

@article{HeuvelMQRS17,
  author    = {Jan van den Heuvel and
               Patrice Ossona de Mendez and
               Daniel Quiroz and
               Roman Rabinovich and
               Sebastian Siebertz},
  title     = {On the generalised colouring numbers of graphs that exclude a fixed
               minor},
  journal   = {Eur. J. Comb.},
  volume    = {66},
  pages     = {129--144},
  year      = {2017},
  doi       = {10.1016/j.ejc.2017.06.019},
}

@article{TarjanL84,
  author    = {Robert Endre Tarjan and Jan van Leeuwen},
  title     = {Worst-case Analysis of Set Union Algorithms},
  journal   = {J. {ACM}},
  volume    = {31},
  number    = {2},
  pages     = {245--281},
  year      = {1984},
  doi       = {10.1145/62.2160}
}

@article{Strasser17,
  author    = {Ben Strasser},
  title     = {Computing Tree Decompositions with FlowCutter: {PACE} 2017 Submission},
  journal   = {CoRR},
  volume    = {abs/1709.08949},
  year      = {2017},
  archivePrefix = {arXiv},
  eprint    = {1709.08949},
}
